<?xml version="1.0" encoding="UTF-8"?><collection xmlns="http://www.loc.gov/MARC21/slim"><record><leader>00479nam--2200181-i-4500</leader><controlfield tag="001">000040986</controlfield><controlfield tag="002">20161230</controlfield><controlfield tag="005">20161230201042</controlfield><controlfield tag="008">060222s1000------------r-----000-0-eng-d</controlfield><datafield ind1=" " ind2=" " tag="040"><subfield code="a">IFIN-HH</subfield></datafield><datafield ind1=" " ind2=" " tag="080"><subfield code="a">519.2</subfield></datafield><datafield ind1="1" ind2=" " tag="100"><subfield code="a">Wax, Nelson</subfield><subfield code="e">Ed</subfield></datafield><datafield ind1="1" ind2="0" tag="245"><subfield code="a">Selected papers on noise and stochastic processes</subfield><subfield code="c">Nelson wax</subfield></datafield><datafield ind1=" " ind2=" " tag="260"><subfield code="a">New York, Dover Publ., Inc., 1954,</subfield></datafield><datafield ind1=" " ind2=" " tag="300"><subfield code="a">345P</subfield></datafield><datafield ind1=" " ind2=" " tag="650"><subfield code="a">Brownian Movements</subfield></datafield><datafield ind1=" " ind2=" " tag="852"><subfield code="a">10993</subfield><subfield code="c">519.2</subfield></datafield><datafield ind1=" " ind2=" " tag="CAT"><subfield code="a">Sys</subfield><subfield code="c">20100517</subfield><subfield code="h">111610</subfield></datafield></record></collection>